@misc{numpy,
 url           = {https://numpy.org/}
}

@misc{scipy,
 url           = {https://scipy.org/}
}

@misc{pypwdft,
 url           = {https://pypwdft.imc-tue.nl/}
}

@misc{arnoldi_scipy,
    url = {https://docs.scipy.org/doc/scipy/reference/generated/scipy.sparse.linalg.eigs.html}
}

@misc{differential_evolution,
    url={https://docs.scipy.org/doc/scipy/reference/generated/scipy.optimize.differential_evolution.html}
}

@book{szabo,
  author = {Attila Szabo and Neil S. Ostlund},
  year = {1996},
  title = {Modern Quantum Chemistry: Introduction to Advanced Electronic Structure Theory},
  publisher = {Dover},
  address = {Mineola, New York}
}

@article{1980:ceperley,
  title = {Ground State of the Electron Gas by a Stochastic Method},
  author = {Ceperley, D. M. and Alder, B. J.},
  journal = {Phys. Rev. Lett.},
  volume = {45},
  issue = {7},
  pages = {566--569},
  year = {1980},
  doi = {10.1103/PhysRevLett.45.566}
}

@article{1980:vosko,
title = {Accurate spin-dependent electron liquid correlation energies for local spin density calculations: a critical analysis},
author = {Vosko, S.H. and Wilk, L. and Nusair, M.},
journal = {Can. J. Phys.},
volume = {58},
number = {8},
pages = {1200},
year = {1980},
doi = {10.1139/p80-159}
}

@article{1965:kohn,
  title = {Self-Consistent Equations Including Exchange and Correlation Effects},
  author = {Kohn, W. and Sham, L. J.},
  journal = {Phys. Rev.},
  volume = {140},
  issue = {4A},
  pages = {A1133--A1138},
  year = {1965},
  publisher = {American Physical Society},
  doi = {10.1103/PhysRev.140.A1133}
}

@article{1951:arnoldi,
  title = {The principle of minimized iterations in the solution of the matrix eigenvalue problem},
  author = {Arnoldi, W.E.},
  journal = {Quart. Appl. Math.},
  volume = {9},
  issue = {1},
  pages = {17-29},
  year = {1951},
  doi = {10.1090/qam/42792}
}

@article{1975:davidson,
title = {The iterative calculation of a few of the lowest eigenvalues and corresponding eigenvectors of large real-symmetric matrices},
journal = {J. Comp. Phys.},
volume = {17},
number = {1},
pages = {87-94},
year = {1975},
doi = {10.1016/0021-9991(75)90065-0},
author = {Davidson, E.R.}
}

@book{2004:griffiths,
  author = {Griffiths, D.J.},
  publisher = {Pearson Prentice Hall},
  title = {{Introduction to Quantum Mechanics}},  
  year = 2004
}

@book{2011:atkins,
  title={Molecular Quantum Mechanics},
  author={Atkins, P.W. and Friedman, R.S.},
  year={2011},
  publisher={Oxford University Press}
}

@book{1994:parr,
  title={Density-Functional Theory of Atoms and Molecules},
  author={Parr, R.G. and Weitao, Y.},
  year={1994},
  publisher={Oxford University Press}
}

@article{2002:kustepeli,
title = {On the splitting parameter in the Ewald method},
journal = {IEEE Microw. Wirel. Compon. Lett.},
volume = {10},
number = {5},
pages = {168-170},
year = {2002},
doi = {10.1109/75.850366},
author = {Kustepeli, A. and Martin, A.Q.}
}

@article{1921:ewald,
author = {Ewald, P.P.},
title = {Die Berechnung optischer und elektrostatischer Gitterpotentiale},
journal = {Annal. Phys.},
volume = {369},
number = {3},
pages = {253-287},
doi = {10.1002/andp.19213690304},
year = {1921}
}

@article{1927:born,
author = {Born, M. and Oppenheimer, R.},
title = {Zur Quantentheorie der Molekeln},
journal = {Annal. Phys.},
volume = {389},
number = {20},
pages = {457-484},
doi = {10.1002/andp.19273892002},
year = {1927}
}

